

@article{van86,
	Author = {{van}, Gigch, John P. and Leo L. Pipino},
	Journal = {Future Computing Systems},
	Number = {1},
	Pages = {71-97},
	Title = {In search for a paradigm for the discipline of information systems},
	Volume = {1},
	Year = {1986}}

@phdthesis{guizzardi2005,
	Address = {Enschede, The Netherlands},
	Author = {Giancarlo Guizzardi},
	Date-Added = {2012-04-23 11:35:28 +0000},
	Date-Modified = {2012-04-23 11:35:28 +0000},
	School = {Centre for Telematics and Information Technology, University of Twente},
	Title = {Ontological Foundations for Structural Conceptual Models},
	Url = {http://www.loa.istc.cnr.it/Guizzardi/SELMAS-CR.pdf},
	Urlaccessdate = {3 jul. 2011},
	Year = {2005},
	Bdsk-Url-1 = {http://www.loa.istc.cnr.it/Guizzardi/SELMAS-CR.pdf}}

@mastersthesis{macedo2005,
	Author = {Fl{\'a}via L. Macedo},
	Date-Added = {2012-04-23 11:35:13 +0000},
	Date-Modified = {2012-04-23 11:35:13 +0000},
	Keywords = {arquitetura da informa{\c c}{\~a}o},
	School = {Universidade de Bras{\'\i}lia},
	Title = {Arquitetura da Informa{\c c}{\~a}o: aspectos espistemol{\'o}gicos, cient{\'\i}ficos e pr{\'a}ticos.},
	Type = {Disserta{\c c}{\~a}o de Mestrado},
	Year = {2005}}

@manual{EIA649B,
	Address = {EUA},
	Date-Added = {2012-04-23 11:34:59 +0000},
	Date-Modified = {2012-04-23 11:34:59 +0000},
	Keywords = {norma},
	Month = {June},
	Organization = {TechAmerica},
	Title = {ANSI/EIA 649-B: Configuration Management Standard},
	Year = {2011}}

@inproceedings{masolo2010,
	Author = {Claudio Masolo},
	Booktitle = {Proceedings of the Twelfth International Conference on the Principles of Knowledge Representation and Reasoning (KR 2010)},
	Date-Added = {2012-04-23 11:34:38 +0000},
	Date-Modified = {2012-04-23 11:34:38 +0000},
	Editor = {Lin, F. and Sattler, U.},
	Pages = {258-268},
	Publisher = {AAAI Press},
	Title = {Understanding Ontological Levels},
	Url = {http://wiki.loa-cnr.it/Papers/kr10v0.7.pdf},
	Urlaccessdate = {2 jan. 2012},
	Year = {2010},
	Bdsk-Url-1 = {http://wiki.loa-cnr.it/Papers/kr10v0.7.pdf}}

@inbook{guarino1995,
	Address = {Vienna},
	Author = {Nicola Guarino},
	Booktitle = {Philosophy and the Cognitive Science},
	Date-Added = {2012-04-23 11:34:29 +0000},
	Date-Modified = {2012-04-23 11:34:29 +0000},
	Editor = {R. Casati and B. Smith and G. White},
	Month = {Sept.},
	Pages = {443-456},
	Publisher = {Holder-Pivhler-Tempsky},
	Title = {The Ontological Level},
	Url = {http://wiki.loa-cnr.it/Papers/OntLev.pdf},
	Urlaccessdate = {2 jan. 2012},
	Year = {1995},
	Bdsk-Url-1 = {http://wiki.loa-cnr.it/Papers/OntLev.pdf}}

@incollection{bates2010,
	Address = {New York},
	Author = {Marcia J. Bates},
	Booktitle = {Encyclopedia of Library and Information Sciences},
	Date-Added = {2012-04-23 11:34:29 +0000},
	Date-Modified = {2012-04-23 11:34:29 +0000},
	Edition = {3rd},
	Editor = {Marcia J. Bates and Mary Niles Maack},
	Pages = {2347-2360},
	Publisher = {CRC Press},
	Title = {Information},
	Url = {http://pages.gseis.ucla.edu/faculty/bates/articles/information.html},
	Urlaccessdate = {24 out. 2011},
	Volume = {3},
	Year = {2010},
	Bdsk-Url-1 = {http://pages.gseis.ucla.edu/faculty/bates/articles/information.html}}

@book{doxiadis1965,
	Author = {Constantinos A. Doxiadis},
	Date-Added = {2012-04-23 11:34:20 +0000},
	Date-Modified = {2012-04-23 11:34:20 +0000},
	Publisher = {Ceira - Coimbra},
	Title = {Arquitetura em Transi{\c c}{\~a}o},
	Year = {1965}}

@book{dewey1980,
	Address = {New York, NY, USA},
	Author = {John Dewey},
	Date-Added = {2012-04-23 11:34:16 +0000},
	Date-Modified = {2012-04-23 11:34:16 +0000},
	Publisher = {Perigee Books},
	Title = {Art as Experience},
	Year = {1980}}
	
@book{cameron1991terminator,
  title={Terminator 2: Judgment Day},
  author={Cameron, James and Wisher, William},
  volume={2},
  year={1991},
  publisher={USA}
}

	
@techreport{cockburn2018impact,
  title={The impact of artificial intelligence on innovation},
  author={Cockburn, Iain M and Henderson, Rebecca and Stern, Scott},
  year={2018},
  institution={National Bureau of Economic Research}
}


@article{makridakis2017forthcoming,
  title={The forthcoming Artificial Intelligence (AI) revolution: Its impact on society and firms},
  author={Makridakis, Spyros},
  journal={Futures},
  volume={90},
  pages={46--60},
  year={2017},
  publisher={Elsevier}
}


@book{kogut2003global,
  title={The global internet economy},
  author={Kogut, Bruce Mitchel},
  year={2003},
  publisher={MIT Press}
}



@article{gubbi2013internet,
  title={Internet of Things (IoT): A vision, architectural elements, and future directions},
  author={Gubbi, Jayavardhana and Buyya, Rajkumar and Marusic, Slaven and Palaniswami, Marimuthu},
  journal={Future generation computer systems},
  volume={29},
  number={7},
  pages={1645--1660},
  year={2013},
  publisher={Elsevier}
}


@article{economist2017world,
  title={The worldâ€™s most valuable resource is no longer oil, but data},
  author={The Economist},
  journal={The Economist: New York, NY, USA},
  year={2017}
}


@article{jennex2013revised,
  title={A revised knowledge pyramid},
  author={Jennex, Murray E and Bartczak, Summer E},
  journal={International Journal of Knowledge Management (IJKM)},
  volume={9},
  number={3},
  pages={19--30},
  year={2013},
  publisher={IGI Global}
}


@book{carbonell1984machine,
  title={Machine learning: An artificial intelligence approach},
  author={Carbonell, Jaime Guillermo and Mitchell, Tom Michael and Michalski, Ryszard Stanislaw},
  year={1984},
  publisher={Springer-Verlag}
}

@book{o2016weapons,
  title={Weapons of math destruction: How big data increases inequality and threatens democracy},
  author={O'neil, Cathy},
  year={2016},
  publisher={Broadway Books}
}

@article{garcia2016racist,
  title={Racist in the machine: The disturbing implications of algorithmic bias},
  author={Garcia, Megan},
  journal={World Policy Journal},
  volume={33},
  number={4},
  pages={111--117},
  year={2016},
  publisher={Duke University Press}
}


@article{gunning2017explainable,
  title={Explainable artificial intelligence (xai)},
  author={Gunning, David},
  journal={Defense Advanced Research Projects Agency (DARPA), nd Web},
  volume={2},
  year={2017}
}

@article{samek2017explainable,
  title={Explainable artificial intelligence: Understanding, visualizing and interpreting deep learning models},
  author={Samek, Wojciech and Wiegand, Thomas and M{\"u}ller, Klaus-Robert},
  journal={arXiv preprint arXiv:1708.08296},
  year={2017}
}

@article{doshi2017towards,
  title={Towards a rigorous science of interpretable machine learning},
  author={Doshi-Velez, Finale and Kim, Been},
  journal={arXiv preprint arXiv:1702.08608},
  year={2017}
}


@book{hall2018introduction,
  title={An Introduction to Machine Learning Interpretability},
  author={Hall, Patrick and Gill, Navdeep},
  year={2018},
  publisher={O'Reilly Media, Incorporated}
}


@article{miller2018explanation,
  title={Explanation in artificial intelligence: Insights from the social sciences},
  author={Miller, Tim},
  journal={Artificial Intelligence},
  year={2018},
  publisher={Elsevier}
}


@article{ribeiro2016model,
  title={Model-agnostic interpretability of machine learning},
  author={Ribeiro, Marco Tulio and Singh, Sameer and Guestrin, Carlos},
  journal={arXiv preprint arXiv:1606.05386},
  year={2016}
}

@article{shearer2000crisp,
  title={The CRISP-DM model: the new blueprint for data mining},
  author={Shearer, Colin},
  journal={Journal of data warehousing},
  volume={5},
  number={4},
  pages={13--22},
  year={2000},
  publisher={THE DATA WAREHOUSE INSTITUTE}
}


@book{roth1988shapley,
  title={The Shapley value: essays in honor of Lloyd S. Shapley},
  author={Roth, Alvin E},
  year={1988},
  publisher={Cambridge University Press}
}

@inproceedings{lundberg2017unified,
  title={A unified approach to interpreting model predictions},
  author={Lundberg, Scott M and Lee, Su-In},
  booktitle={Advances in Neural Information Processing Systems},
  pages={4765--4774},
  year={2017}
}


@article{molnar2018interpretable,
  title={Interpretable machine learning},
  author={Molnar, Christoph},
  journal={A Guide for Making Black Box Models Explainable},
  volume={7},
  year={2018}
}


@article{young1985monotonic,
  title={Monotonic solutions of cooperative games},
  author={Young, H Peyton},
  journal={International Journal of Game Theory},
  volume={14},
  number={2},
  pages={65--72},
  year={1985},
  publisher={Springer}
}


@article{shapley1953value,
  title={A value for n-person games},
  author={Shapley, Lloyd S},
  journal={Contributions to the Theory of Games},
  volume={2},
  number={28},
  pages={307--317},
  year={1953}
}


@article{serrano2013lloyd,
  title={Lloyd Shapley's matching and game theory},
  author={Serrano, Roberto},
  journal={The Scandinavian Journal of Economics},
  volume={115},
  number={3},
  pages={599--618},
  year={2013},
  publisher={Wiley Online Library}
}


@misc{aumann2000collected,
  title={Collected Papers, Volume I},
  author={Aumann, Robert J},
  year={2000},
  publisher={MIT Press}
}


@book{elster2015explaining,
  title={Explaining social behavior: More nuts and bolts for the social sciences},
  author={Elster, Jon},
  year={2015},
  publisher={Cambridge University Press}
}

@book{binmore2008rational,
  title={Rational decisions},
  author={Binmore, Ken},
  year={2008},
  publisher={Princeton University Press}
}





@article{Srnicek-2017,
doi	= {10.1111/newe.12023},
title	= {The challenges of platform capitalism: Understanding the logic of a new business model},
author	= {Srnicek, Nick},
journal	= {Juncture},
issnp	= {2050-5868},
issne	= {2050-5876},
year	= {2017},
month = {03},
volume	= {23},
issue	= {4},
page	= {254--257}
}

@inproceedings{Bethu:2019:SRD:3318396.3318452,
 author = {Bethu, Srikanth and Madhavi, K. and Rupa, B. and Hanuman, A. Sai and Soujanya, R. and Babu, B. Sankara},
 title = {A Survey Report on Data Analytics As a Tool in PoliticalCampaign},
 booktitle = {Proceedings of the 2019 8th International Conference on Educational and Information Technology},
 series = {ICEIT 2019},
 year = {2019},
 isbn = {978-1-4503-6267-2},
 location = {Cambridge, United Kingdom},
 pages = {61--67},
 numpages = {7},
 url = {http://doi.acm.org/10.1145/3318396.3318452},
 doi = {10.1145/3318396.3318452},
 acmid = {3318452},
 publisher = {ACM},
 address = {New York, NY, USA},
 keywords = {Big Data, Data Mining, Data and Analytics, Machine Learning},
} 

@article{West-2017,
doi	= {10.1177/0007650317718185},
title	= {Data Capitalism: Redefining the Logics of Surveillance and Privacy},
author	= {West, Sarah Myers},
publisher	= {Sage Publications},
journal	= {Business & Society},
issnp	= {0007-6503},
issne	= {1552-4205},
year	= {2017},
month	= {07},
day	= {05},
page	= {000765031771818--},
url =       {http://gen.lib.rus.ec/scimag/index.php?s=10.1177/0007650317718185},
}


@inproceedings{Baumer:2013:LLL:2470654.2466446,
 author = {Baumer, Eric P.S. and Adams, Phil and Khovanskaya, Vera D. and Liao, Tony C. and Smith, Madeline E. and Schwanda Sosik, Victoria and Williams, Kaiton},
 title = {Limiting, Leaving, and (Re)Lapsing: An Exploration of Facebook Non-use Practices and Experiences},
 booktitle = {Proceedings of the SIGCHI Conference on Human Factors in Computing Systems},
 series = {CHI '13},
 year = {2013},
 isbn = {978-1-4503-1899-0},
 location = {Paris, France},
 pages = {3257--3266},
 numpages = {10},
 url = {http://doi.acm.org/10.1145/2470654.2466446},
 doi = {10.1145/2470654.2466446},
 acmid = {2466446},
 publisher = {ACM},
 address = {New York, NY, USA},
 keywords = {facebook, non-use, technology refusal},
} 


@article{karppi2011digital,
  title={Digital Suicide and the Biopolitics of Leaving Facebook.},
  author={Karppi, Tero},
  journal={Transformations (14443775)},
  number={20},
  year={2011}
}


@inproceedings{baumer2014refusing,
  title={Refusing, limiting, departing: why we should study technology non-use},
  author={Baumer, Eric PS and Ames, Morgan G and Brubaker, Jed R and Burrell, Jenna and Dourish, Paul},
  booktitle={CHI'14 Extended Abstracts on Human Factors in Computing Systems},
  pages={65--68},
  year={2014},
  organization={ACM}
}


@inproceedings{Baumer:2018:SIN:3173574.3174190,
 author = {Baumer, Eric P. S.},
 title = {Socioeconomic Inequalities in the Non Use of Facebook},
 booktitle = {Proceedings of the 2018 CHI Conference on Human Factors in Computing Systems},
 series = {CHI '18},
 year = {2018},
 isbn = {978-1-4503-5620-6},
 location = {Montreal QC, Canada},
 pages = {616:1--616:14},
 articleno = {616},
 numpages = {14},
 url = {http://doi.acm.org/10.1145/3173574.3174190},
 doi = {10.1145/3173574.3174190},
 acmid = {3174190},
 publisher = {ACM},
 address = {New York, NY, USA},
 keywords = {demographics, facebook, non-use, social media, socioeconomic status},
}


@article{Baumer:2015:IIS:2740010.2723667,
 author = {Baumer, Eric P. S. and Burrell, Jenna and Ames, Morgan G. and Brubaker, Jed R. and Dourish, Paul},
 title = {On the Importance and Implications of Studying Technology Non-use},
 journal = {interactions},
 issue_date = {March + April 2015},
 volume = {22},
 number = {2},
 month = feb,
 year = {2015},
 issn = {1072-5520},
 pages = {52--56},
 numpages = {5},
 url = {http://doi.acm.org/10.1145/2723667},
 doi = {10.1145/2723667},
 acmid = {2723667},
 publisher = {ACM},
 address = {New York, NY, USA},
} 

@article{baumer2015missing,
  title={Missing photos, suffering withdrawal, or finding freedom? How experiences of social media non-use influence the likelihood of reversion},
  author={Baumer, Eric PS and Guha, Shion and Quan, Emily and Mimno, David and Gay, Geri K},
  journal={Social Media+ Society},
  volume={1},
  number={2},
  pages={2056305115614851},
  year={2015},
  publisher={SAGE Publications Sage UK: London, England}
}



@book{morozov2008big,
  title={Big Tech: a ascens{\~a}o dos dados e a morte da pol{\'\i}tica},
  author={MOROZOV, Evgeny},
  publisher={Ubu Editora},
  address="S{\~a}o Paulo",
  year={2008}
}


@book{domingues2016publicidade,
  title={Publicidade de controle: consumo, cibern{\'e}tica, vigil{\^a}ncia e poder},
  author={DOMINGUES, Izabela},
  publisher={Sulina},
  address="Porto Alegre",
  year={2016}
}

@book{lanier2018dez,
  title={Dez argumentos para voc{\^e} deletar agora suas redes sociais},
  author={Lanier, Jaron},
  year={2018},
  publisher={Editora Intrinseca},
  address="Rio de Janeiro"
}


@book{couldry2012media,
  title={Media, society, world: Social theory and digital media practice},
  author={Couldry, Nick},
  year={2012},
  publisher={Polity},
  address="Cambdrige"
}


@book{syvertsen2017media,
  title={Media resistance. Protest, dislike, abstention},
  author={Syvertsen, Trine},
  year={2017},
  publisher={Palgrave Macmillan},
  address = {New York}
}


@book{canclini2010consumidores,
  title={Consumidores e cidad{\~a}os: conflitos multiculturais da globaliza{\c{c}}{\~a}o},
  author={Canclini, N{\'e}stor Garc{\'\i}a},
  publisher={Ed. UFRJ},
  address="Rio de Janeiro",
  year={2010}
}

@book{stolle2013political,
  title={Political consumerism: Global responsibility in action},
  author={Stolle, Dietlind and Micheletti, Michele},
  year={2013},
  publisher={Cambridge University Press},
  address="Cambdrige"
}


@incollection{grandstrand:2004,
  author      = "Magnus Bostrom, Michele Micheletti, and Peter Oosterveer",
  title       = "Studying Political consumerism",
  editor      = "Magnus Bostrom, Michele Micheletti, and Peter Oosterveer",
  booktitle   = "The Oxford Handbook of Political Consumerism",
  publisher   = "Oxford University Press",
  address     = "Oxford",
  year        = 2019,
  pages       = "1-27",
  chapter     = 1,
}


@article{woodstock2014media,
  title={Media resistance: Opportunities for practice theory and new media research},
  author={Woodstock, Louise},
  journal={International Journal of Communication},
  volume={8},
  pages={19},
  year={2014}
}

@article{kaun2018repression,
  title={Repression, resistance and lifestyle: charting (dis) connection and activism in times of accelerated capitalism},
  author={Kaun, Anne and Trer{\'e}, Emiliano},
  journal={Social Movement Studies},
  pages={1--19},
  year={2018},
  publisher={Taylor \& Francis}
}

@article{Zuboff-2015,
doi	= {10.1057/jit.2015.5},
title	= {Big other: surveillance capitalism and the prospects of an information civilization},
author	= {Zuboff, Shoshana},
publisher	= {Palgrave Publishers Ltd.},
journal	= {Journal of Information Technology},
issnp	= {0268-3962},
issne	= {1466-4437},
year	= {2015},
month	= {3},
volume	= {30},
issue	= {1},
page	= {75--89}
}

@article{portwood2013media,
  title={Media refusal and conspicuous non-consumption: The performative and political dimensions of Facebook abstention},
  author={Portwood-Stacer, Laura},
  journal={New Media \& Society},
  volume={15},
  number={7},
  pages={1041--1057},
  year={2013},
  publisher={Sage Publications Sage UK: London, England}
}


@article{portilho2005consumo,
  title={Consumo sustent{\'a}vel: limites e possibilidades de ambientaliza{\c{c}}{\~a}o e politiza{\c{c}}{\~a}o das pr{\'a}ticas de consumo},
  author={Portilho, F{\'a}tima},
  journal={Cadernos Ebape. br},
  volume={3},
  number={3},
  pages={01--12},
  year={2005},
  publisher={SciELO Brasil}
}

@article{recuero2012rede,
  title={A rede {\'e} a mensagem: Efeitos da Difus{\~a}o de Informa{\c{c}}{\~o}es nos Sites de Rede Social},
  author={Recuero, Raquel},
  journal={Lo que Mcluhan no previ{\'o}. 1ed. Buenos Aires: Editorial La Cruj{\'\i}a},
  volume={1},
  pages={205--223},
  year={2012}
}

@mastersthesis{domingues2011nova,
  title={A Nova Ordem Do Discurso Na Propaganda: Internet, Prosumers E Consumerismo Pol{\'\i}tico.},
  author={Domingues Da Silva, Izabela},
  year={2011},
  school={Universidade Federal de Pernambuco}
}

@article{canziani2016analysis,
  title={An analysis of deep neural network models for practical applications},
  author={Canziani, Alfredo and Paszke, Adam and Culurciello, Eugenio},
  journal={arXiv preprint arXiv:1605.07678},
  year={2016}
}

@book{schutze2007introduction,
  title={An introduction to information retrieval},
  author={Sch{\"u}tze, Hinrich and Manning, Christopher D and Raghavan, Prabhakar},
  year={2007},
  publisher={Cambridge University Press,}
}

@article{dreiseitl2002logistic,
  title={Logistic regression and artificial neural network classification models: a methodology review},
  author={Dreiseitl, Stephan and Ohno-Machado, Lucila},
  journal={Journal of biomedical informatics},
  volume={35},
  number={5-6},
  pages={352--359},
  year={2002},
  publisher={Elsevier}
}



@book{james2013introduction,
  title={An introduction to statistical learning},
  author={James, Gareth and Witten, Daniela and Hastie, Trevor and Tibshirani, Robert},
  volume={112},
  year={2013},
  publisher={Springer}
}

@article{faceli2011inteligencia,
  title={Intelig{\^e}ncia Artificial: Uma abordagem de aprendizado de m{\'a}quina},
  author={Faceli, Katti and Lorena, Ana Carolina and Gama, Jo{\~a}o and Carvalho, Andr{\'e} Carlos Ponce de Leon and others},
  year={2011}
}

@article{chawla2002smote,
  title={SMOTE: synthetic minority over-sampling technique},
  author={Chawla, Nitesh V and Bowyer, Kevin W and Hall, Lawrence O and Kegelmeyer, W Philip},
  journal={Journal of artificial intelligence research},
  volume={16},
  pages={321--357},
  year={2002}
}
